<?xml version="1.0" encoding="UTF-8"?>
<record xmlns="http://www.loc.gov/MARC21/slim">
   <leader>02590cam a2200445   4500</leader>
   <controlfield tag="001">2739360</controlfield>
   <controlfield tag="003">NjP</controlfield>
   <controlfield tag="005">20190705144445.0</controlfield>
   <controlfield tag="008">821102s1968    iq            000 0 ara  </controlfield>
   <datafield tag="024" ind1="7" ind2=" ">
      <subfield code="a">princeton_aco004053</subfield>
      <subfield code="2">local</subfield>
   </datafield>
   <datafield ind1=" " ind2=" " tag="010">
      <subfield code="a">   70251798 </subfield>
   </datafield>
   <datafield ind1=" " ind2=" " tag="040">
      <subfield code="a">DLC</subfield>
      <subfield code="c">PUL</subfield>
      <subfield code="d">PUL</subfield>
   </datafield>
   <datafield ind1=" " ind2=" " tag="035">
      <subfield code="9">CNC8423TS</subfield>
   </datafield>
   <datafield ind1=" " ind2=" " tag="035">
      <subfield code="a">(NjP)2739360</subfield>
   </datafield>
   <datafield ind1="0" ind2=" " tag="050">
      <subfield code="a">BP174</subfield>
      <subfield code="b">.I19</subfield>
   </datafield>
   <datafield ind1=" " ind2=" " tag="049">
      <subfield code="a">PULL</subfield>
   </datafield>
   <datafield ind1=" " ind2=" " tag="019">
      <subfield code="a">222877678</subfield>
   </datafield>
   <datafield ind1=" " ind2=" " tag="035">
      <subfield code="a">(OCoLC)ocm08914946</subfield>
      <subfield code="z">(OCoLC)ocn222877678</subfield>
   </datafield>
   <datafield ind1="1" ind2=" " tag="100">
      <subfield code="6">880-01</subfield>
      <subfield code="a">Ibn Daqīq al-ʻĪd, Muḥammad ibn ʻAlī,</subfield>
      <subfield code="d">1228-1302.</subfield>
      <subfield code="0">http://id.loc.gov/authorities/names/n84216766</subfield>
   </datafield>
   <datafield ind1="1" ind2="3" tag="245">
      <subfield code="6">880-02</subfield>
      <subfield code="a">al-Muntaqā min Iḥkām al-aḥkām, sharḥ ʻumdat al-aḥkām.</subfield>
      <subfield code="c">li-Ibn Daqīq al-ʻĪd.</subfield>
   </datafield>
   <datafield ind1=" " ind2=" " tag="250">
      <subfield code="6">880-03</subfield>
      <subfield code="a">al-Ṭabʻah 1.</subfield>
   </datafield>
   <datafield ind1=" " ind2=" " tag="260">
      <subfield code="6">880-04</subfield>
      <subfield code="a">Baghdād,</subfield>
      <subfield code="b">Dār al-Nadhīr lil-Ṭibāʻah wa-al-Nashr,</subfield>
      <subfield code="c">1968.</subfield>
   </datafield>
   <datafield ind1=" " ind2=" " tag="300">
      <subfield code="a">250 p.</subfield>
      <subfield code="c">25 cm.</subfield>
   </datafield>
   <datafield ind1="1" ind2=" " tag="490">
      <subfield code="6">880-05</subfield>
      <subfield code="a">Maṭbūʻāt Kullīyat al-dirāsāt al-Islāmīyah.</subfield>
   </datafield>
   <datafield ind1=" " ind2=" " tag="500">
      <subfield code="a">An abridgment of Imād al-Dīn ibn al-Athīr's Aḥkām al-Aḥkām, itself a commentary on al-Jammāʻīlī's ʻUmdat al-Aḥkām ʻan Sayyid al-anām.</subfield>
   </datafield>
   <datafield ind1=" " ind2="0" tag="650">
      <subfield code="a">Islam</subfield>
      <subfield code="x">Customs and practices</subfield>
      <subfield code="0">http://id.loc.gov/authorities/subjects/sh87005732</subfield>
   </datafield>
   <datafield ind1=" " ind2="0" tag="650">
      <subfield code="a">Hadith</subfield>
      <subfield code="x">Criticism, interpretation, etc.</subfield>
      <subfield code="0">http://id.loc.gov/authorities/subjects/sh85058195</subfield>
   </datafield>
   <datafield ind1="1" ind2=" " tag="700">
      <subfield code="6">880-06</subfield>
      <subfield code="a">ʻImād al-Dīn ibn al-Athīr, Ismāʻīl ibn Aḥmad,</subfield>
      <subfield code="d">. d.1299 1300.</subfield>
      <subfield code="t">Iḥkām al-Aḥkām.</subfield>
   </datafield>
   <datafield ind1="1" ind2=" " tag="700">
      <subfield code="6">880-07</subfield>
      <subfield code="a">Jammāʻīlī, ʻAbd al-Ghanī ibn ʻAbd al-Wāḥid,</subfield>
      <subfield code="d">1146-1203.</subfield>
      <subfield code="t">ʻUmdat al-aḥkām.</subfield>
      <subfield code="0">http://id.loc.gov/authorities/names/n84010934</subfield>
   </datafield>
   <datafield ind1="2" ind2=" " tag="810">
      <subfield code="6">880-08</subfield>
      <subfield code="a">Kullīyat al-Dirāsāt al-Islāmīyah (Baghdad, Iraq).</subfield>
      <subfield code="t">Maṭbūʻāt.</subfield>
   </datafield>
   <datafield ind1="1" ind2=" " tag="880">
      <subfield code="6">100-01/r</subfield>
      <subfield code="a">ابن دقيق العيد، محمد بن علي،</subfield>
      <subfield code="d">1228-1302.</subfield>
   </datafield>
   <datafield ind1="1" ind2="2" tag="880">
      <subfield code="6">245-02/r</subfield>
      <subfield code="a">المنتقا من احكام الاحكام، شرح عمدة الاحكام.</subfield>
      <subfield code="c">لابن دقيق العيد.</subfield>
   </datafield>
   <datafield ind1=" " ind2=" " tag="880">
      <subfield code="6">250-03/r</subfield>
      <subfield code="a">الطبعة 1.</subfield>
   </datafield>
   <datafield ind1=" " ind2=" " tag="880">
      <subfield code="6">260-04/r</subfield>
      <subfield code="a">بغداد،</subfield>
      <subfield code="b">دار النذير للطباعة والنشر،</subfield>
      <subfield code="c">1968.</subfield>
   </datafield>
   <datafield ind1="1" ind2=" " tag="880">
      <subfield code="6">490-05/r</subfield>
      <subfield code="a">مطبوعات كلية الدراسات الاسلامية.</subfield>
   </datafield>
   <datafield ind1="1" ind2=" " tag="880">
      <subfield code="6">700-06/r</subfield>
      <subfield code="a">عماد الدين بن الاثير، اسماعيل بن احمد،</subfield>
      <subfield code="d">. د.1299 1300.</subfield>
      <subfield code="t">احكام الاحكام.</subfield>
   </datafield>
   <datafield ind1="1" ind2=" " tag="880">
      <subfield code="6">700-07/r</subfield>
      <subfield code="a">جماعيلي، عبد الغني بن عبد الواحد،</subfield>
      <subfield code="d">1146-1203.</subfield>
      <subfield code="t">عمدة الاحكام.</subfield>
   </datafield>
   <datafield ind1="2" ind2=" " tag="880">
      <subfield code="6">810-08/r</subfield>
      <subfield code="a">كلية الدراسات الاسلامية (بغدد، العراق).</subfield>
      <subfield code="t">مطبوعات.</subfield>
   </datafield>
   <datafield ind1=" " ind2=" " tag="911">
      <subfield code="a">20000130</subfield>
   </datafield>
   <datafield ind1=" " ind2=" " tag="994">
      <subfield code="a">C0</subfield>
      <subfield code="b">PUL</subfield>
   </datafield>
   <datafield ind1=" " ind2=" " tag="999">
      <subfield code="a">2739360</subfield>
   </datafield>
   <datafield ind1=" " ind2=" " tag="979">
      <subfield code="a">(OCoLC)ocn178030387</subfield>
   </datafield>
   <datafield ind1="0" ind2="0" tag="852">
      <subfield code="0">3049957</subfield>
      <subfield code="b">rcppa</subfield>
      <subfield code="t">1</subfield>
      <subfield code="h">BP174</subfield>
      <subfield code="i">.I263 1968</subfield>
      <subfield code="x">tr fr nec</subfield>
   </datafield>
   <datafield ind1=" " ind2=" " tag="959">
      <subfield code="a">2009-06-30 13:45:05 -0400</subfield>
   </datafield>
</record>
